<?xml version="1.0" encoding="UTF-8"?><collection><record><leader>06190ntm a2200589 a 4500</leader><controlfield tag="001">006814124</controlfield><controlfield tag="003">MiAaHDL</controlfield><controlfield tag="005">20190719000000.0</controlfield><controlfield tag="006">m        d        </controlfield><controlfield tag="007">cr bn ---auaua</controlfield><controlfield tag="008">090608q15141515xx            00| ||per d</controlfield><datafield tag="035" ind1=" " ind2=" "><subfield code="a">(MiU)006814124</subfield></datafield><datafield tag="035" ind1=" " ind2=" "><subfield code="a">sdr-miu006814124</subfield></datafield><datafield tag="040" ind1=" " ind2=" "><subfield code="a">MiU</subfield><subfield code="c">MiU</subfield><subfield code="e">amremm</subfield></datafield><datafield tag="043" ind1=" " ind2=" "><subfield code="a">n-us-mi</subfield></datafield><datafield tag="100" ind1="0" ind2=" "><subfield code="6">880-01</subfield><subfield code="a">Ḥāfiẓ,</subfield><subfield code="d">active 14th century.</subfield></datafield><datafield tag="240" ind1="1" ind2="0"><subfield code="6">880-02</subfield><subfield code="a">Dīvān</subfield></datafield><datafield tag="245" ind1="1" ind2="0"><subfield code="6">880-03</subfield><subfield code="a">Dīvān-i Ḥāfiẓ,</subfield><subfield code="f">[920?, i.e. 1514 or 1515?].</subfield></datafield><datafield tag="246" ind1="3" ind2=" "><subfield code="a">لسان الغيب</subfield></datafield><datafield tag="246" ind1="3" ind2=" "><subfield code="a">ديوان حافظ</subfield></datafield><datafield tag="246" ind1="3" ind2=" "><subfield code="6">880-04</subfield><subfield code="i">Title from colophon on p.314:</subfield><subfield code="a">لسان الغیب</subfield></datafield><datafield tag="260" ind1=" " ind2=" "><subfield code="c">[1514 or 1515?].</subfield></datafield><datafield tag="300" ind1=" " ind2=" "><subfield code="a">171 leaves :</subfield><subfield code="b">paper ;</subfield><subfield code="c">245 x 157 (131 x 74) mm.</subfield></datafield><datafield tag="500" ind1=" " ind2=" "><subfield code="a">Shelfmark: Ann Arbor, University of Michigan, Special Collections Library, Isl. Ms. 316</subfield></datafield><datafield tag="500" ind1=" " ind2=" "><subfield code="a">Origin: As appears in a different hand following colophon on p.341, transcription possibly completed 920 [?] [1514 or 15 ?] ; decoration, paper, etc. appear to confirm dating of early 16th century or even late 15th century.</subfield></datafield><datafield tag="500" ind1=" " ind2=" "><subfield code="a">Former shelfmark: "193 T. De M. [i.e. Tammaro De Marinis]" inscribed in pencil on verso of front flyleaf.</subfield></datafield><datafield tag="500" ind1=" " ind2=" "><subfield code="a">Binding: Pasteboards covered in dark red-brown leather ; Type II binding (with flap) ; doublures (and flyleaves) in magenta-tinted laid paper with gold-painted and gold-flecked central rectangular panel and gold-painted border ; upper and lower covers carry recessed, stamped and gold-painted mandorla (filled with symmetrical vegetal composition with chī clouds, compare Déroche class. NSd) with pendants and cornerpieces as well as tooled border ; edges of text block gilt ; sewn in yellow thread, two stations ; worked chevron endbands in purple and golden yellow, in poor condition with headband damaged and tailband gone ; overall in somewhat poor condition with abrasion, staining, pest damage, lifting of leather, boards detaching, spine leather and lining detached, etc. ; housed in box for protection.</subfield></datafield><datafield tag="500" ind1=" " ind2=" "><subfield code="a">Support: non-European laid paper with 8 laid lines per cm. (horizontal, quite indistinct) and no chain lines apparent, sturdy and well-burnished ; some staining and pest damage.</subfield></datafield><datafield tag="500" ind1=" " ind2=" "><subfield code="a">Decoration: Elegant illuminated headpiece (ʻunwān / sarlawḥ) at opening of preface on p.2 consisting of rectangular piece with now empty gold cartouche flanked by four-lobed pendants and all surrounded by floral vegetal motifs in gold, blue, white, red, yellow, red and lavender on a field of blue (approaching lapis lazuli) with white, green, gold and blue borders, surmounted by scalloped w-shaped piece filled with swirling floral vegetal design in gold, blue, white, red, yellow, red and lavender on fields of blue (approaching lapis lazuli) and gold, itself surmounted by vertical stalks (tīgh) in blue with gold chī cloud accents ; illuminated marginal decoration in the form of swirling vegetal composition with large floral motifs all in gold with red accents, varying double page after double page ; additional exquisite illuminated headpieces at opening of dīvān on p.10 and at section opening on p.26 ; written area throughout surrounded by a frame in gold and turquoise bands defined by black fillets and outer blue and red rules ; text of incipit and facing page set off with gold cloud-bands ; keywords chrysographed ; occasional floral accents in gold, red and blue appear between divided columns of text or to the side ; illuminated tailpiece following colophon on p.341 consisting of an inverted triangular shaped piece heavy gold vegetal composition on a dark red ground with flanking swirling floral accents in gold and red.</subfield></datafield><datafield tag="500" ind1=" " ind2=" "><subfield code="a">Script: Nastaʻlīq ; compact, elegant hand ; serifless, with characteristic effect of words descending to baseline, closed counters, and elongated horizontal strokes, pointing in distinct dots.</subfield></datafield><datafield tag="500" ind1=" " ind2=" "><subfield code="a">Layout: Written in 14 lines per page ; written area often divided to two columns to set-off poetry ; frame-ruled.</subfield></datafield><datafield tag="500" ind1=" " ind2=" "><subfield code="a">Collation: ii, II (4), I (6), 9 IV(78), 2 III(90), V (100), II (104), 8 IV(168), I+1 (171), ii ; chiefly quaternions ; catchwords present ; pagination in pencil, Western numerals, supplied during digitization.</subfield></datafield><datafield tag="500" ind1=" " ind2=" "><subfield code="a">Colophon: "Scribal," triangular, mainly in Arabic, reads "قد وقع الفراغ من تحرير هذه الديوان الموسوم بلسان الغيب من كلام افصح الفصحاء واملح البلغاء حافظ شمس الدين محمد الشيرازى غفر الله له سنه ٩٢٠ [?]"</subfield></datafield><datafield tag="500" ind1=" " ind2=" "><subfield code="a">Explicit: "فروغ نور ازآن فرخنده مرقد"</subfield></datafield><datafield tag="500" ind1=" " ind2=" "><subfield code="a">Incipit: "حمد بیحد و ثناى بیعد و سپاس بیقیاس حضرت خداوند یرا که جمیع دیوان حافظان ارزاق ..."</subfield></datafield><datafield tag="500" ind1=" " ind2=" "><subfield code="a">Title from inscription on 'title page' (p.1).</subfield></datafield><datafield tag="500" ind1=" " ind2=" "><subfield code="a">Ms. codex.</subfield></datafield><datafield tag="510" ind1="4" ind2=" "><subfield code="a">Cat. Pers. MSS. Brit. Mus.,</subfield><subfield code="c">p.627 ff.</subfield></datafield><datafield tag="520" ind1="8" ind2=" "><subfield code="a">Elegant copy of the Dīvān of the masterful poet Ḥāfiẓ (Khvājah Shams al-Dīn Muḥammad Shīrāzī, d.1390?).</subfield></datafield><datafield tag="538" ind1=" " ind2=" "><subfield code="a">Mode of access: Internet.</subfield></datafield><datafield tag="541" ind1=" " ind2=" "><subfield code="c">Purchase ;</subfield><subfield code="a">Acquired by purchase (funds donated by Horace Rackham).</subfield><subfield code="d">1924.</subfield></datafield><datafield tag="546" ind1=" " ind2=" "><subfield code="a">Persian.</subfield></datafield><datafield tag="561" ind1=" " ind2=" "><subfield code="a">Inscriptions in pencil on verso of front flyleaf "193 T. De M. [i.e. Tammaro De Marinis]" ; on 'title page' (p.1), traces of several former owners' marks including octagonal and oval seal impressions and statements ; collation statement on 'title page' (p.1) reads "اوراق عدد ۱۶۸" ; occasional marginal glosses and corrections.</subfield></datafield><datafield tag="650" ind1=" " ind2="0"><subfield code="a">Manuscripts, Persian</subfield><subfield code="z">Michigan</subfield><subfield code="z">Ann Arbor.</subfield></datafield><datafield tag="650" ind1=" " ind2="0"><subfield code="a">Persian poetry</subfield><subfield code="y">747-1500.</subfield></datafield><datafield tag="655" ind1=" " ind2="7"><subfield code="a">Headpieces (layout features)</subfield><subfield code="y">16th century.</subfield><subfield code="2">aat</subfield></datafield><datafield tag="700" ind1="0" ind2=" "><subfield code="a">Abdülhamid</subfield><subfield code="b">II,</subfield><subfield code="c">Sultan of the Turks,</subfield><subfield code="d">1842-1918,</subfield><subfield code="e">former owner.</subfield></datafield><datafield tag="773" ind1="0" ind2=" "><subfield code="a">Abdul Hamid Collection.</subfield></datafield><datafield tag="880" ind1="3" ind2=" "><subfield code="6">246-04/</subfield><subfield code="a">Lisān al-ghayb</subfield></datafield><datafield tag="880" ind1="1" ind2="0"><subfield code="6">245-03/</subfield><subfield code="a">دیوان حافظ,</subfield><subfield code="f">[920ه؟, 1514 یا 1515م؟].</subfield></datafield><datafield tag="880" ind1="1" ind2="0"><subfield code="6">240-02/</subfield><subfield code="a">ديوان</subfield></datafield><datafield tag="880" ind1="0" ind2=" "><subfield code="6">100-01/</subfield><subfield code="a">حافظ.</subfield></datafield><datafield tag="CID" ind1=" " ind2=" "><subfield code="a">006814124</subfield></datafield><datafield tag="DAT" ind1="0" ind2=" "><subfield code="a">20190719102638.0</subfield><subfield code="b">20190719000000.0</subfield></datafield><datafield tag="DAT" ind1="1" ind2=" "><subfield code="a">20190719090653.0</subfield><subfield code="b">2019-07-19T16:11:47Z</subfield></datafield><datafield tag="DAT" ind1="2" ind2=" "><subfield code="a">2015-10-02T18:00:03Z</subfield></datafield><datafield tag="CAT" ind1=" " ind2=" "><subfield code="a">SDR-MIU</subfield><subfield code="d">EX LIBRIS - ALEPH</subfield><subfield code="l">prepare.pl-004-008</subfield></datafield><datafield tag="FMT" ind1=" " ind2=" "><subfield code="a">BK</subfield></datafield><datafield tag="HOL" ind1=" " ind2=" "><subfield code="0">sdr-miu006814124</subfield><subfield code="a">MiU</subfield><subfield code="b">SDR</subfield><subfield code="c">MIU</subfield><subfield code="p">mdp.39015079128800</subfield><subfield code="s">MIU</subfield><subfield code="1">006814124</subfield></datafield><datafield tag="974" ind1=" " ind2=" "><subfield code="b">MIU</subfield><subfield code="c">MIU</subfield><subfield code="d">20190719</subfield><subfield code="s">lit-dlps-dc</subfield><subfield code="u">mdp.39015079128800</subfield><subfield code="y">1515</subfield><subfield code="r">pd</subfield><subfield code="q">bib</subfield><subfield code="t">non-US bib date2 &lt; 1896</subfield></datafield></record></collection>